<?xml version="1.0" encoding="UTF-8"?><collection xmlns="http://www.loc.gov/MARC21/slim"><record><leader>00598nam--2200169-i-4500</leader><controlfield tag="001">000027790</controlfield><controlfield tag="002">20161230</controlfield><controlfield tag="005">20161230201037</controlfield><controlfield tag="008">060222s1000------------r-----000-0-eng-d</controlfield><datafield ind1=" " ind2=" " tag="040"><subfield code="a">IFIN-HH</subfield></datafield><datafield ind1=" " ind2=" " tag="080"><subfield code="a">539.1.074(047.1):539.124(047.1)</subfield></datafield><datafield ind1="1" ind2=" " tag="110"><subfield code="a">International Commission On Radiation Units And Measurements Icru</subfield></datafield><datafield ind1="1" ind2="0" tag="245"><subfield code="a">Radiation dosimetry: electrons with initial energies between 1 and 50 mev</subfield></datafield><datafield ind1=" " ind2=" " tag="260"><subfield code="a">Washington</subfield><subfield code="b">International Commission On Radiation Units And Measurements</subfield><subfield code="c">1972</subfield></datafield><datafield ind1=" " ind2=" " tag="490"><subfield code="a">Icru Report 21</subfield></datafield><datafield ind1=" " ind2=" " tag="852"><subfield code="a">39806</subfield><subfield code="c">539.1.07:539.1.08</subfield></datafield><datafield ind1=" " ind2=" " tag="CAT"><subfield code="a">Sys</subfield><subfield code="c">20120529</subfield><subfield code="h">165647</subfield></datafield></record></collection>